<?xml version = "1.0" encoding = "UTF-8"?><record>
  <leader>01176nam#a2200301#c#4500</leader>
  <controlfield tag="005">20210407154956.0</controlfield>
  <controlfield tag="007">tu</controlfield>
  <controlfield tag="008">950904|1849####xx############|||#|#####c</controlfield>
  <controlfield tag="003">DE-605</controlfield>
  <controlfield tag="001">990025848000206441</controlfield>
  <datafield tag="016" ind1="7" ind2=" ">
    <subfield code="a">1068166897</subfield>
    <subfield code="2">OCoLC</subfield>
  </datafield>
  <datafield tag="035" ind1=" " ind2=" ">
    <subfield code="a">(DE-605)HT006698544</subfield>
  </datafield>
  <datafield tag="040" ind1=" " ind2=" ">
    <subfield code="a">NRW</subfield>
    <subfield code="b">ger</subfield>
    <subfield code="d">5</subfield>
    <subfield code="e">rakwb</subfield>
  </datafield>
  <datafield tag="044" ind1=" " ind2=" ">
    <subfield code="c">XA-DXDE</subfield>
  </datafield>
  <datafield tag="100" ind1="1" ind2=" ">
    <subfield code="a">Roemer, Ferdinand</subfield>
    <subfield code="d">1818-1891</subfield>
    <subfield code="0">(DE-588)116583053</subfield>
    <subfield code="4">aut</subfield>
    <subfield code="0">(uri) https://portal.dnb.de/opac.htm?method=simpleSearch&amp;cqlMode=true&amp;query=idn=116583053</subfield>
    <subfield code="0">(uri) http://viaf.org/viaf/sourceID/DNB|116583053</subfield>
    <subfield code="B">GND-116583053</subfield>
  </datafield>
  <datafield tag="245" ind1="1" ind2="0">
    <subfield code="a">Texas</subfield>
    <subfield code="b">mit besonderer R&#252;cksicht auf deutsche Auswanderung und die physischen Verh&#228;ltnisse des Landes ; mit einem naturwissenschaftlichen Anhange und einer topographisch-geognostisschen Karte von Texas</subfield>
    <subfield code="c">nach eigener Beobachtung geschildert von Ferdinand Roemer</subfield>
  </datafield>
  <datafield tag="264" ind1=" " ind2="1">
    <subfield code="a">Bonn</subfield>
    <subfield code="b">Marcus</subfield>
    <subfield code="c">1849</subfield>
  </datafield>
  <datafield tag="300" ind1=" " ind2=" ">
    <subfield code="a">XIV, 464 S. : Kt.</subfield>
  </datafield>
  <datafield tag="689" ind1="0" ind2="0">
    <subfield code="a">Texas</subfield>
    <subfield code="D">g</subfield>
    <subfield code="0">(DE-588)4059594-8</subfield>
    <subfield code="0">(uri) https://portal.dnb.de/opac.htm?method=simpleSearch&amp;cqlMode=true&amp;query=idn=040595943</subfield>
    <subfield code="0">(uri) http://viaf.org/viaf/sourceID/DNB|040595943</subfield>
    <subfield code="B">GND-040595943</subfield>
  </datafield>
  <datafield tag="689" ind1="0" ind2="1">
    <subfield code="a">Landeskunde</subfield>
    <subfield code="D">s</subfield>
    <subfield code="0">(DE-588)4073972-7</subfield>
    <subfield code="0">(uri) https://portal.dnb.de/opac.htm?method=simpleSearch&amp;cqlMode=true&amp;query=idn=040739724</subfield>
    <subfield code="0">(uri) http://viaf.org/viaf/sourceID/DNB|040739724</subfield>
    <subfield code="B">GND-040739724</subfield>
  </datafield>
  <datafield tag="856" ind1="4" ind2="1">
    <subfield code="u">URL: http://resolver.sub.uni-goettingen.de/purl?PPN236434969</subfield>
    <subfield code="x">Verlag</subfield>
    <subfield code="x">Digitalisierung</subfield>
    <subfield code="z">kostenfrei</subfield>
    <subfield code="3">Volltext</subfield>
  </datafield>
  <datafield tag="960" ind1="1" ind2=" ">
    <subfield code="r">5: Link External Server</subfield>
  </datafield>
  <datafield tag="962" ind1=" " ind2=" ">
    <subfield code="e">ldd</subfield>
  </datafield>
  <datafield tag="964" ind1="0" ind2="s">
    <subfield code="F">030</subfield>
    <subfield code="A">a|1uc||||||17</subfield>
  </datafield>
  <datafield tag="964" ind1="0" ind2="s">
    <subfield code="F">050</subfield>
    <subfield code="A">a|||||||||||||</subfield>
  </datafield>
  <datafield tag="964" ind1="0" ind2="s">
    <subfield code="F">051</subfield>
    <subfield code="A">m|||||||</subfield>
  </datafield>
  <datafield tag="035" ind1=" " ind2=" ">
    <subfield code="a">(OCoLC)1068166897</subfield>
    <subfield code="0">(uri) http://www.worldcat.org/oclc/1068166897</subfield>
  </datafield>
  <datafield tag="035" ind1=" " ind2=" ">
    <subfield code="a">(DE-599)HBZHT006698544</subfield>
  </datafield>
  <datafield tag="MBD" ind1=" " ind2=" ">
    <subfield code="M">49HBZ_NETWORK</subfield>
    <subfield code="i">990025848000206441</subfield>
    <subfield code="n">HBZ Network</subfield>
  </datafield>
  <datafield tag="MNG" ind1=" " ind2=" ">
    <subfield code="c">System</subfield>
    <subfield code="f">ILS</subfield>
    <subfield code="i">marc21</subfield>
    <subfield code="k">01</subfield>
    <subfield code="e">false</subfield>
    <subfield code="d">2021-08-02 04:07:57 Europe/Berlin</subfield>
    <subfield code="g">002584800-HBZ01</subfield>
    <subfield code="j">60</subfield>
    <subfield code="a">import</subfield>
    <subfield code="b">2021-04-06 00:54:18 Europe/Berlin</subfield>
  </datafield>
  <datafield tag="GST" ind1=" " ind2=" ">
    <subfield code="a">Regionalkunde</subfield>
    <subfield code="A">GND</subfield>
    <subfield code="B">GND-040739724</subfield>
    <subfield code="C">450</subfield>
  </datafield>
  <datafield tag="GSI" ind1="7" ind2=" ">
    <subfield code="a">http://d-nb.info/gnd/4073972-7</subfield>
    <subfield code="2">uri</subfield>
    <subfield code="A">GND</subfield>
    <subfield code="B">GND-040739724</subfield>
    <subfield code="C">024</subfield>
  </datafield>
  <datafield tag="GSI" ind1="7" ind2=" ">
    <subfield code="a">4059594-8</subfield>
    <subfield code="0">http://d-nb.info/gnd/4059594-8</subfield>
    <subfield code="2">gnd</subfield>
    <subfield code="A">GND</subfield>
    <subfield code="B">GND-040595943</subfield>
    <subfield code="C">024</subfield>
  </datafield>
  <datafield tag="GSI" ind1="7" ind2=" ">
    <subfield code="a">4736286</subfield>
    <subfield code="2">geonames</subfield>
    <subfield code="A">GND</subfield>
    <subfield code="B">GND-040595943</subfield>
    <subfield code="C">024</subfield>
  </datafield>
  <datafield tag="GGN" ind1=" " ind2=" ">
    <subfield code="a">State of Texas</subfield>
    <subfield code="A">GND</subfield>
    <subfield code="B">GND-040595943</subfield>
    <subfield code="C">451</subfield>
  </datafield>
  <datafield tag="GPN" ind1="1" ind2=" ">
    <subfield code="a">Roemer, Carl Ferdinand</subfield>
    <subfield code="d">1818-1891</subfield>
    <subfield code="A">GND</subfield>
    <subfield code="B">GND-116583053</subfield>
    <subfield code="C">400</subfield>
  </datafield>
  <datafield tag="GPN" ind1="1" ind2=" ">
    <subfield code="a">Roemer, Karl Ferdinand</subfield>
    <subfield code="d">1818-1891</subfield>
    <subfield code="A">GND</subfield>
    <subfield code="B">GND-116583053</subfield>
    <subfield code="C">400</subfield>
  </datafield>
  <datafield tag="GPN" ind1="1" ind2=" ">
    <subfield code="a">Roemer, C. Ferd.</subfield>
    <subfield code="d">1818-1891</subfield>
    <subfield code="A">GND</subfield>
    <subfield code="B">GND-116583053</subfield>
    <subfield code="C">400</subfield>
  </datafield>
  <datafield tag="GPN" ind1="1" ind2=" ">
    <subfield code="a">Roemer, Ferd.</subfield>
    <subfield code="d">1818-1891</subfield>
    <subfield code="A">GND</subfield>
    <subfield code="B">GND-116583053</subfield>
    <subfield code="C">400</subfield>
  </datafield>
  <datafield tag="GPN" ind1="1" ind2=" ">
    <subfield code="a">Roemer, Ferdinand &lt;&lt;von&gt;&gt;</subfield>
    <subfield code="d">1818-1891</subfield>
    <subfield code="4">nasp</subfield>
    <subfield code="4">http://d-nb.info/standards/elementset/gnd#LaterNameOfThePerson</subfield>
    <subfield code="w">r</subfield>
    <subfield code="i">Spaeterer Name</subfield>
    <subfield code="e">Spaeterer Name</subfield>
    <subfield code="A">GND</subfield>
    <subfield code="B">GND-116583053</subfield>
    <subfield code="C">400</subfield>
  </datafield>
  <datafield tag="GPN" ind1="1" ind2=" ">
    <subfield code="a">Roemer, Carl F.</subfield>
    <subfield code="d">1818-1891</subfield>
    <subfield code="A">GND</subfield>
    <subfield code="B">GND-116583053</subfield>
    <subfield code="C">400</subfield>
  </datafield>
  <datafield tag="GPN" ind1="1" ind2=" ">
    <subfield code="a">Roemer, C. F.</subfield>
    <subfield code="d">1818-1891</subfield>
    <subfield code="A">GND</subfield>
    <subfield code="B">GND-116583053</subfield>
    <subfield code="C">400</subfield>
  </datafield>
  <datafield tag="GPN" ind1="1" ind2=" ">
    <subfield code="a">Roemer, F.</subfield>
    <subfield code="d">1818-1891</subfield>
    <subfield code="A">GND</subfield>
    <subfield code="B">GND-116583053</subfield>
    <subfield code="C">400</subfield>
  </datafield>
  <datafield tag="GPN" ind1="1" ind2=" ">
    <subfield code="a">Ro&#776;mer, Ferd.</subfield>
    <subfield code="d">1818-1891</subfield>
    <subfield code="A">GND</subfield>
    <subfield code="B">GND-116583053</subfield>
    <subfield code="C">400</subfield>
  </datafield>
  <datafield tag="GPN" ind1="1" ind2=" ">
    <subfield code="a">Roemer, Ferdinandus</subfield>
    <subfield code="d">1818-1891</subfield>
    <subfield code="A">GND</subfield>
    <subfield code="B">GND-116583053</subfield>
    <subfield code="C">400</subfield>
  </datafield>
  <datafield tag="GSI" ind1="7" ind2=" ">
    <subfield code="a">http://d-nb.info/gnd/116583053</subfield>
    <subfield code="2">uri</subfield>
    <subfield code="A">GND</subfield>
    <subfield code="B">GND-116583053</subfield>
    <subfield code="C">024</subfield>
  </datafield>
</record>